@article{aidesyet,
  title={Yet Another Objection to Fading and Dancing Qualia},
  author={Aides, Nir},
  year={2015}
}

@article{alan1950turing,
  title={Computing machinery and intelligence},
  author={Turing, Alan M},
  journal={Mind},
  volume={59},
  number={236},
  pages={433--460},
  year={1950}
}

@article{block1980troubles,
  title={Troubles with functionalism},
  author={Block, Ned},
  journal={Readings in philosophy of psychology},
  volume={1},
  pages={268--305},
  year={1980},
  publisher={Cambridge, MA: Harvard University Press}
}

@article{block1981psychologism,
  title={Psychologism and behaviorism},
  author={Block, Ned},
  journal={The Philosophical Review},
  volume={90},
  number={1},
  pages={5--43},
  year={1981},
  publisher={JSTOR}
}

@article{chalmers1995absent,
  title={Absent qualia, fading qualia, dancing qualia},
  author={Chalmers, David J},
  journal={Conscious experience},
  pages={309--328},
  year={1995},
  publisher={Ferdinand-Schoningh: Paderborn}
}

@article{chalmers2011computational,
  title={A Computational Foundation for the Study of Cognition},
  author={Chalmers, David J},
  journal={Journal of Cognitive Science},
  volume={12},
  number={4},
  pages={323--357},
  year={2011}
}

@article{dennett1978artificial,
  title={Artificial intelligence as philosophy and as psychology},
  author={Dennett, Daniel C},
  journal={Brainstorms: Philosophical essays on mind and psychology},
  pages={109--26},
  year={1978},
  publisher={Bradford Books Montgomery, VT}
}

@article{harnad1991other,
  title={Other bodies, other minds: A machine incarnation of an old philosophical problem},
  author={Harnad, Stevan},
  journal={Minds and Machines},
  volume={1},
  number={1},
  pages={43--54},
  year={1991},
  publisher={Springer}
}

@article{searle1980minds,
  title={Minds, brains, and programs},
  author={Searle, John R},
  journal={Behavioral and brain sciences},
  volume={3},
  number={3},
  pages={417--424},
  year={1980},
  publisher={Cambridge University Press}
}

@article{van1998let,
  title={Let's dance! The equivocation in Chalmers' dancing qualia argument},
  author={Van Heuveln, Bram and Dietrich, Eric and Oshima, Michiharu},
  journal={Minds and Machines},
  volume={8},
  number={2},
  pages={237--249},
  year={1998},
  publisher={Springer}
}

@book{chalmers1996conscious,
  title={The conscious mind: In search of a fundamental theory},
  author={Chalmers, David J},
  year={1996},
  publisher={Oxford university press}
}

@book{penrose1989emperor,
  title={The Emperor's New Mind: Concerning Computers, Minds, and the Laws of Physics},
  author={Penrose, R. and Penrose, R.B.P.M.R. and Gardner, M. and Oxford University Press},
  isbn={9780198519737},
  lccn={2016427799},
  series={Oxford landmark science},
  year={1989},
  publisher={Oxford University Press}
}

@book{russell2016artificial,
  title={Artificial Intelligence: A Modern Approach},
  author={Russell, S. and Norvig, P.},
  isbn={9781292153964},
  series={Always learning},
  year={2016},
  publisher={Pearson}
}

@book{searle1998mystery,
  title={The Mystery of Consciousness},
  author={Searle, John R},
  isbn={9781862071223},
  lccn={97026044},
  year={1998},
  publisher={Granta Books}
}

@InCollection{sep-artificial-intelligence,
	author       =	{Bringsjord, Selmer and Govindarajulu, Naveen Sundar},
	title        =	{Artificial Intelligence},
	booktitle    =	{The Stanford Encyclopedia of Philosophy},
	editor       =	{Edward N. Zalta},
	howpublished =	{\url{https://plato.stanford.edu/archives/fall2018/entries/artificial-intelligence/}},
	year         =	{2018},
	edition      =	{Fall 2018},
	publisher    =	{Metaphysics Research Lab, Stanford University}
}

@InCollection{sep-computational-mind,
	author       =	{Rescorla, Michael},
	title        =	{The Computational Theory of Mind},
	booktitle    =	{The Stanford Encyclopedia of Philosophy},
	editor       =	{Edward N. Zalta},
	howpublished =	{\url{https://plato.stanford.edu/archives/spr2017/entries/computational-mind/}},
	year         =	{2017},
	edition      =	{Spring 2017},
	publisher    =	{Metaphysics Research Lab, Stanford University}
}
